@misc{actor_intro,
    author = "William Douglas Clinger",
    title = "Foundations of Actor Semantics",
    howpublished = "\url{https://dspace.mit.edu/bitstream/handle/1721.1/6935/AITR-633.pdf?sequence=2}"
}

@misc{erlang_presentation,
    author = "Alexey Kachayev",
    year = "2013",
    howpublished = "\url{http://kachayev.github.io/talks/kharkivpy%230/#/}"
}

@misc{erlang_intro,
    title = "Getting Started with Erlang",
    author = "Erlang",
    howpublished = "\url{http://www.erlang.org/doc/}" 
}

@misc{effective_go,
    title = "Effective Go",
    author = "Golang Documentation",
    howpublished = "\url{https://golang.org/doc/effective_go.html}"
}

@misc{mpi_intro,
    title = "Implementation of a Hardware-Optimized MPI Library for the SCMP Multiprocessor",
    author = "Jeffrey Poole",
    year = "2004",
    howpublished = "\url{http://scholar.lib.vt.edu/theses/available/etd-08112004-210027/unrestricted/PooleThesis.pdf}"
}

@misc{conc_not_par,
    title = "Concurrency is not Parallelism",
    author = "Rob Pike",
    year = "January 11, 2012",
    howpublished = "\url{http://talks.golang.org/2012/waza.slide#1}"
}

@misc{multicore_usage,
    title = "Performance Analysis and Multicore Processors",
    author = "Gary Carleton, Walter Shands",
    year = "2006",
    howpublished = "\url{http://www.drdobbs.com/tools/performance-analysis-and-multicore-proce/184417069}"
}

@misc{master_worker,
    title = "Master-Worker Pattern",
    author = "Shay Hassidim",
    year = "2009",
    month = "August",
    howpublished = "\url{http://docs.gigaspaces.com/sbp/master-worker-pattern.html}"
}

@misc{chapel_sage,
    title = "Parallel Programmability and the Chapel Language",
    author = "B. L. Chamberlain, D. Callahan, H. P. Zima",
    year = "2007",
    month = "September"
}

@misc{chapel_cray,
    title = "Chapel: Productive Parallel Computing",
    author = "Brad Chamberlain",
    year = "2013",
    month = "May",
    howpublished = "\url{http://www.cray.com/blog/chapel-productive-parallel-programming/}"
}

@misc{openmp_intro,
    title = "OpenMP",
    howpublished = "\url{https://www-new.comp.nus.edu.sg/~wongwf/papers/fpt06.pdf}"
}

@misc{gpas_intro,
    title = "Cray",
    howpublished = "\url{http://www.gwu.edu/~upc/publications/ppopp05.pdf}"
}

@misc{cuda,
    title = "CUDA",
    howpublished = "\url{https://developer.nvidia.com/about-cuda}"
}

@misc{opencl,
    title = "OpenCL",
    howpublished = "\url{ieeexplore.ieee.org/xpl/miscDetails.jsp?arnumber=5457293}"
}
